%YAML 1.1
%TAG !u! tag:unity3d.com,2011:
--- !u!1 &1390373650471973423
GameObject:
  m_ObjectHideFlags: 0
  m_CorrespondingSourceObject: {fileID: 0}
  m_PrefabInstance: {fileID: 0}
  m_PrefabAsset: {fileID: 0}
  serializedVersion: 6
  m_Component:
  - component: {fileID: 1995624371745883151}
  m_Layer: 0
  m_Name: Handle Slide Area
  m_TagString: Untagged
  m_Icon: {fileID: 0}
  m_NavMeshLayer: 0
  m_StaticEditorFlags: 0
  m_IsActive: 1
--- !u!224 &1995624371745883151
RectTransform:
  m_ObjectHideFlags: 0
  m_CorrespondingSourceObject: {fileID: 0}
  m_PrefabInstance: {fileID: 0}
  m_PrefabAsset: {fileID: 0}
  m_GameObject: {fileID: 1390373650471973423}
  m_LocalRotation: {x: -0, y: -0, z: -0, w: 1}
  m_LocalPosition: {x: 0, y: 0, z: 0}
  m_LocalScale: {x: 1, y: 1, z: 1}
  m_Children:
  - {fileID: 6230818271245729800}
  m_Father: {fileID: 5445968932910498287}
  m_RootOrder: 2
  m_LocalEulerAnglesHint: {x: 0, y: 0, z: 0}
  m_AnchorMin: {x: 0, y: 0}
  m_AnchorMax: {x: 1, y: 1}
  m_AnchoredPosition: {x: 0, y: 0}
  m_SizeDelta: {x: -20, y: 0}
  m_Pivot: {x: 0.5, y: 0.5}
--- !u!1 &2956944772493103818
GameObject:
  m_ObjectHideFlags: 0
  m_CorrespondingSourceObject: {fileID: 0}
  m_PrefabInstance: {fileID: 0}
  m_PrefabAsset: {fileID: 0}
  serializedVersion: 6
  m_Component:
  - component: {fileID: 3659958211129812798}
  m_Layer: 0
  m_Name: Fill Area
  m_TagString: Untagged
  m_Icon: {fileID: 0}
  m_NavMeshLayer: 0
  m_StaticEditorFlags: 0
  m_IsActive: 1
--- !u!224 &3659958211129812798
RectTransform:
  m_ObjectHideFlags: 0
  m_CorrespondingSourceObject: {fileID: 0}
  m_PrefabInstance: {fileID: 0}
  m_PrefabAsset: {fileID: 0}
  m_GameObject: {fileID: 2956944772493103818}
  m_LocalRotation: {x: -0, y: -0, z: -0, w: 1}
  m_LocalPosition: {x: 0, y: 0, z: 0}
  m_LocalScale: {x: 1, y: 1, z: 1}
  m_Children:
  - {fileID: 2136896632064217079}
  m_Father: {fileID: 5445968932910498287}
  m_RootOrder: 1
  m_LocalEulerAnglesHint: {x: 0, y: 0, z: 0}
  m_AnchorMin: {x: 0, y: 0.25}
  m_AnchorMax: {x: 1, y: 0.75}
  m_AnchoredPosition: {x: -5, y: 0}
  m_SizeDelta: {x: -20, y: 0}
  m_Pivot: {x: 0.5, y: 0.5}
--- !u!1 &4055838606299977237
GameObject:
  m_ObjectHideFlags: 0
  m_CorrespondingSourceObject: {fileID: 0}
  m_PrefabInstance: {fileID: 0}
  m_PrefabAsset: {fileID: 0}
  serializedVersion: 6
  m_Component:
  - component: {fileID: 6230818271245729800}
  - component: {fileID: 7239806817453438101}
  - component: {fileID: 2931415414683087380}
  m_Layer: 0
  m_Name: Handle
  m_TagString: Untagged
  m_Icon: {fileID: 0}
  m_NavMeshLayer: 0
  m_StaticEditorFlags: 0
  m_IsActive: 1
--- !u!224 &6230818271245729800
RectTransform:
  m_ObjectHideFlags: 0
  m_CorrespondingSourceObject: {fileID: 0}
  m_PrefabInstance: {fileID: 0}
  m_PrefabAsset: {fileID: 0}
  m_GameObject: {fileID: 4055838606299977237}
  m_LocalRotation: {x: -0, y: -0, z: -0, w: 1}
  m_LocalPosition: {x: 0, y: 0, z: 0}
  m_LocalScale: {x: 1, y: 1, z: 1}
  m_Children: []
  m_Father: {fileID: 1995624371745883151}
  m_RootOrder: 0
  m_LocalEulerAnglesHint: {x: 0, y: 0, z: 0}
  m_AnchorMin: {x: 0, y: 0}
  m_AnchorMax: {x: 0, y: 0}
  m_AnchoredPosition: {x: 0, y: 0}
  m_SizeDelta: {x: 20, y: 0}
  m_Pivot: {x: 0.5, y: 0.5}
--- !u!222 &7239806817453438101
CanvasRenderer:
  m_ObjectHideFlags: 0
  m_CorrespondingSourceObject: {fileID: 0}
  m_PrefabInstance: {fileID: 0}
  m_PrefabAsset: {fileID: 0}
  m_GameObject: {fileID: 4055838606299977237}
  m_CullTransparentMesh: 0
--- !u!114 &2931415414683087380
MonoBehaviour:
  m_ObjectHideFlags: 0
  m_CorrespondingSourceObject: {fileID: 0}
  m_PrefabInstance: {fileID: 0}
  m_PrefabAsset: {fileID: 0}
  m_GameObject: {fileID: 4055838606299977237}
  m_Enabled: 1
  m_EditorHideFlags: 0
  m_Script: {fileID: 11500000, guid: fe87c0e1cc204ed48ad3b37840f39efc, type: 3}
  m_Name: 
  m_EditorClassIdentifier: 
  m_Material: {fileID: 0}
  m_Color: {r: 1, g: 1, b: 1, a: 1}
  m_RaycastTarget: 1
  m_RaycastPadding: {x: 0, y: 0, z: 0, w: 0}
  m_Maskable: 1
  m_OnCullStateChanged:
    m_PersistentCalls:
      m_Calls: []
  m_Sprite: {fileID: 10913, guid: 0000000000000000f000000000000000, type: 0}
  m_Type: 0
  m_PreserveAspect: 0
  m_FillCenter: 1
  m_FillMethod: 4
  m_FillAmount: 1
  m_FillClockwise: 1
  m_FillOrigin: 0
  m_UseSpriteMesh: 0
  m_PixelsPerUnitMultiplier: 1
--- !u!1 &5078409131144986091
GameObject:
  m_ObjectHideFlags: 0
  m_CorrespondingSourceObject: {fileID: 0}
  m_PrefabInstance: {fileID: 0}
  m_PrefabAsset: {fileID: 0}
  serializedVersion: 6
  m_Component:
  - component: {fileID: 8390715179438824076}
  - component: {fileID: 7390720562513146989}
  - component: {fileID: 6393230190484375773}
  m_Layer: 0
  m_Name: Background
  m_TagString: Untagged
  m_Icon: {fileID: 0}
  m_NavMeshLayer: 0
  m_StaticEditorFlags: 0
  m_IsActive: 1
--- !u!224 &8390715179438824076
RectTransform:
  m_ObjectHideFlags: 0
  m_CorrespondingSourceObject: {fileID: 0}
  m_PrefabInstance: {fileID: 0}
  m_PrefabAsset: {fileID: 0}
  m_GameObject: {fileID: 5078409131144986091}
  m_LocalRotation: {x: -0, y: -0, z: -0, w: 1}
  m_LocalPosition: {x: 0, y: 0, z: 0}
  m_LocalScale: {x: 1, y: 1, z: 1}
  m_Children: []
  m_Father: {fileID: 5445968932910498287}
  m_RootOrder: 0
  m_LocalEulerAnglesHint: {x: 0, y: 0, z: 0}
  m_AnchorMin: {x: 0, y: 0.25}
  m_AnchorMax: {x: 1, y: 0.75}
  m_AnchoredPosition: {x: 0, y: 0}
  m_SizeDelta: {x: 0, y: 0}
  m_Pivot: {x: 0.5, y: 0.5}
--- !u!222 &7390720562513146989
CanvasRenderer:
  m_ObjectHideFlags: 0
  m_CorrespondingSourceObject: {fileID: 0}
  m_PrefabInstance: {fileID: 0}
  m_PrefabAsset: {fileID: 0}
  m_GameObject: {fileID: 5078409131144986091}
  m_CullTransparentMesh: 0
--- !u!114 &6393230190484375773
MonoBehaviour:
  m_ObjectHideFlags: 0
  m_CorrespondingSourceObject: {fileID: 0}
  m_PrefabInstance: {fileID: 0}
  m_PrefabAsset: {fileID: 0}
  m_GameObject: {fileID: 5078409131144986091}
  m_Enabled: 1
  m_EditorHideFlags: 0
  m_Script: {fileID: 11500000, guid: fe87c0e1cc204ed48ad3b37840f39efc, type: 3}
  m_Name: 
  m_EditorClassIdentifier: 
  m_Material: {fileID: 0}
  m_Color: {r: 1, g: 1, b: 1, a: 1}
  m_RaycastTarget: 1
  m_RaycastPadding: {x: 0, y: 0, z: 0, w: 0}
  m_Maskable: 1
  m_OnCullStateChanged:
    m_PersistentCalls:
      m_Calls: []
  m_Sprite: {fileID: 10907, guid: 0000000000000000f000000000000000, type: 0}
  m_Type: 1
  m_PreserveAspect: 0
  m_FillCenter: 1
  m_FillMethod: 4
  m_FillAmount: 1
  m_FillClockwise: 1
  m_FillOrigin: 0
  m_UseSpriteMesh: 0
  m_PixelsPerUnitMultiplier: 1
--- !u!1 &5933179331706026998
GameObject:
  m_ObjectHideFlags: 0
  m_CorrespondingSourceObject: {fileID: 0}
  m_PrefabInstance: {fileID: 0}
  m_PrefabAsset: {fileID: 0}
  serializedVersion: 6
  m_Component:
  - component: {fileID: 5445968932910498287}
  - component: {fileID: 1358789148659606382}
  m_Layer: 0
  m_Name: Slider
  m_TagString: Untagged
  m_Icon: {fileID: 0}
  m_NavMeshLayer: 0
  m_StaticEditorFlags: 0
  m_IsActive: 1
--- !u!224 &5445968932910498287
RectTransform:
  m_ObjectHideFlags: 0
  m_CorrespondingSourceObject: {fileID: 0}
  m_PrefabInstance: {fileID: 0}
  m_PrefabAsset: {fileID: 0}
  m_GameObject: {fileID: 5933179331706026998}
  m_LocalRotation: {x: 0, y: 0, z: 0, w: 1}
  m_LocalPosition: {x: 0, y: 0, z: 0}
  m_LocalScale: {x: 1, y: 1, z: 1}
  m_Children:
  - {fileID: 8390715179438824076}
  - {fileID: 3659958211129812798}
  - {fileID: 1995624371745883151}
  m_Father: {fileID: 2762179255715011302}
  m_RootOrder: 0
  m_LocalEulerAnglesHint: {x: 0, y: 0, z: 0}
  m_AnchorMin: {x: 0.5, y: 0.5}
  m_AnchorMax: {x: 0.5, y: 0.5}
  m_AnchoredPosition: {x: 0, y: 27.7}
  m_SizeDelta: {x: 300, y: 28.918053}
  m_Pivot: {x: 0.5, y: 0.5}
--- !u!114 &1358789148659606382
MonoBehaviour:
  m_ObjectHideFlags: 0
  m_CorrespondingSourceObject: {fileID: 0}
  m_PrefabInstance: {fileID: 0}
  m_PrefabAsset: {fileID: 0}
  m_GameObject: {fileID: 5933179331706026998}
  m_Enabled: 1
  m_EditorHideFlags: 0
  m_Script: {fileID: 11500000, guid: 67db9e8f0e2ae9c40bc1e2b64352a6b4, type: 3}
  m_Name: 
  m_EditorClassIdentifier: 
  m_Navigation:
    m_Mode: 3
    m_SelectOnUp: {fileID: 0}
    m_SelectOnDown: {fileID: 0}
    m_SelectOnLeft: {fileID: 0}
    m_SelectOnRight: {fileID: 0}
  m_Transition: 1
  m_Colors:
    m_NormalColor: {r: 1, g: 1, b: 1, a: 1}
    m_HighlightedColor: {r: 0.9607843, g: 0.9607843, b: 0.9607843, a: 1}
    m_PressedColor: {r: 0.78431374, g: 0.78431374, b: 0.78431374, a: 1}
    m_SelectedColor: {r: 0.9607843, g: 0.9607843, b: 0.9607843, a: 1}
    m_DisabledColor: {r: 0.78431374, g: 0.78431374, b: 0.78431374, a: 0.5019608}
    m_ColorMultiplier: 1
    m_FadeDuration: 0.1
  m_SpriteState:
    m_HighlightedSprite: {fileID: 0}
    m_PressedSprite: {fileID: 0}
    m_SelectedSprite: {fileID: 0}
    m_DisabledSprite: {fileID: 0}
  m_AnimationTriggers:
    m_NormalTrigger: Normal
    m_HighlightedTrigger: Highlighted
    m_PressedTrigger: Pressed
    m_SelectedTrigger: Selected
    m_DisabledTrigger: Disabled
  m_Interactable: 1
  m_TargetGraphic: {fileID: 2931415414683087380}
  m_FillRect: {fileID: 2136896632064217079}
  m_HandleRect: {fileID: 6230818271245729800}
  m_Direction: 0
  m_MinValue: 3
  m_MaxValue: 7
  m_WholeNumbers: 1
  m_Value: 3
  m_OnValueChanged:
    m_PersistentCalls:
      m_Calls: []
--- !u!1 &5978558202620798429
GameObject:
  m_ObjectHideFlags: 0
  m_CorrespondingSourceObject: {fileID: 0}
  m_PrefabInstance: {fileID: 0}
  m_PrefabAsset: {fileID: 0}
  serializedVersion: 6
  m_Component:
  - component: {fileID: 2762179255715011302}
  - component: {fileID: 7848276839866738041}
  - component: {fileID: 4336753593418419363}
  - component: {fileID: 4555401307275093673}
  m_Layer: 0
  m_Name: Canvas
  m_TagString: Untagged
  m_Icon: {fileID: 0}
  m_NavMeshLayer: 0
  m_StaticEditorFlags: 0
  m_IsActive: 1
--- !u!224 &2762179255715011302
RectTransform:
  m_ObjectHideFlags: 0
  m_CorrespondingSourceObject: {fileID: 0}
  m_PrefabInstance: {fileID: 0}
  m_PrefabAsset: {fileID: 0}
  m_GameObject: {fileID: 5978558202620798429}
  m_LocalRotation: {x: 0, y: 0, z: 0, w: 1}
  m_LocalPosition: {x: 0, y: 0, z: 0}
  m_LocalScale: {x: 0, y: 0, z: 0}
  m_Children:
  - {fileID: 5445968932910498287}
  m_Father: {fileID: 7774960965589224222}
  m_RootOrder: 2
  m_LocalEulerAnglesHint: {x: 0, y: 0, z: 0}
  m_AnchorMin: {x: 0, y: 0}
  m_AnchorMax: {x: 0, y: 0}
  m_AnchoredPosition: {x: 0, y: 0}
  m_SizeDelta: {x: 0, y: 0}
  m_Pivot: {x: 0, y: 0}
--- !u!223 &7848276839866738041
Canvas:
  m_ObjectHideFlags: 0
  m_CorrespondingSourceObject: {fileID: 0}
  m_PrefabInstance: {fileID: 0}
  m_PrefabAsset: {fileID: 0}
  m_GameObject: {fileID: 5978558202620798429}
  m_Enabled: 1
  serializedVersion: 3
  m_RenderMode: 0
  m_Camera: {fileID: 0}
  m_PlaneDistance: 100
  m_PixelPerfect: 0
  m_ReceivesEvents: 1
  m_OverrideSorting: 0
  m_OverridePixelPerfect: 0
  m_SortingBucketNormalizedSize: 0
  m_AdditionalShaderChannelsFlag: 0
  m_SortingLayerID: 0
  m_SortingOrder: 3
  m_TargetDisplay: 0
--- !u!114 &4336753593418419363
MonoBehaviour:
  m_ObjectHideFlags: 0
  m_CorrespondingSourceObject: {fileID: 0}
  m_PrefabInstance: {fileID: 0}
  m_PrefabAsset: {fileID: 0}
  m_GameObject: {fileID: 5978558202620798429}
  m_Enabled: 1
  m_EditorHideFlags: 0
  m_Script: {fileID: 11500000, guid: 0cd44c1031e13a943bb63640046fad76, type: 3}
  m_Name: 
  m_EditorClassIdentifier: 
  m_UiScaleMode: 1
  m_ReferencePixelsPerUnit: 100
  m_ScaleFactor: 1
  m_ReferenceResolution: {x: 1920, y: 1080}
  m_ScreenMatchMode: 0
  m_MatchWidthOrHeight: 1
  m_PhysicalUnit: 3
  m_FallbackScreenDPI: 96
  m_DefaultSpriteDPI: 96
  m_DynamicPixelsPerUnit: 1
--- !u!114 &4555401307275093673
MonoBehaviour:
  m_ObjectHideFlags: 0
  m_CorrespondingSourceObject: {fileID: 0}
  m_PrefabInstance: {fileID: 0}
  m_PrefabAsset: {fileID: 0}
  m_GameObject: {fileID: 5978558202620798429}
  m_Enabled: 1
  m_EditorHideFlags: 0
  m_Script: {fileID: 11500000, guid: dc42784cf147c0c48a680349fa168899, type: 3}
  m_Name: 
  m_EditorClassIdentifier: 
  m_IgnoreReversedGraphics: 1
  m_BlockingObjects: 0
  m_BlockingMask:
    serializedVersion: 2
    m_Bits: 4294967295
--- !u!1 &7459324332809381934
GameObject:
  m_ObjectHideFlags: 0
  m_CorrespondingSourceObject: {fileID: 0}
  m_PrefabInstance: {fileID: 0}
  m_PrefabAsset: {fileID: 0}
  serializedVersion: 6
  m_Component:
  - component: {fileID: 7774960965589224222}
  - component: {fileID: 2675202353535096865}
  m_Layer: 0
  m_Name: GameManager
  m_TagString: Untagged
  m_Icon: {fileID: 0}
  m_NavMeshLayer: 0
  m_StaticEditorFlags: 0
  m_IsActive: 1
--- !u!4 &7774960965589224222
Transform:
  m_ObjectHideFlags: 0
  m_CorrespondingSourceObject: {fileID: 0}
  m_PrefabInstance: {fileID: 0}
  m_PrefabAsset: {fileID: 0}
  m_GameObject: {fileID: 7459324332809381934}
  m_LocalRotation: {x: 0, y: 0, z: 0, w: 1}
  m_LocalPosition: {x: 0, y: 0, z: 0}
  m_LocalScale: {x: 1, y: 1, z: 1}
  m_Children:
  - {fileID: 2912620199437055191}
  - {fileID: 6144317006954172060}
  - {fileID: 2762179255715011302}
  m_Father: {fileID: 0}
  m_RootOrder: 0
  m_LocalEulerAnglesHint: {x: 0, y: 0, z: 0}
--- !u!114 &2675202353535096865
MonoBehaviour:
  m_ObjectHideFlags: 0
  m_CorrespondingSourceObject: {fileID: 0}
  m_PrefabInstance: {fileID: 0}
  m_PrefabAsset: {fileID: 0}
  m_GameObject: {fileID: 7459324332809381934}
  m_Enabled: 1
  m_EditorHideFlags: 0
  m_Script: {fileID: 11500000, guid: 9c436b0c1dd49924a997f75f54624172, type: 3}
  m_Name: 
  m_EditorClassIdentifier: 
  discs: []
  rayDistance: 2.5
  layerMask:
    serializedVersion: 2
    m_Bits: 512
  discSize: 5
  i: 0
  movesCount: 0
  crossHair: {fileID: 2920876850580988891}
  spawningPoints:
  - {fileID: 534825415873264602}
  - {fileID: 6308680977672219034}
  - {fileID: 8523524831428663772}
  discColor: []
  rods:
  - {fileID: 921535632882489990}
  - {fileID: 6612301590345524821}
  - {fileID: 658439452601923620}
  curtain: {fileID: 4032106854387953236}
  winnerCurtain: {fileID: 2607212092443398818}
  ErroBox: {fileID: 7782862832840383060}
  materials:
  - {fileID: 2100000, guid: d8aa40a838e170f4f8eb868ae5372664, type: 2}
  - {fileID: 2100000, guid: d152e050bfdeab2418a465cbd3c47bc3, type: 2}
  - {fileID: 2100000, guid: 55c7928a11d1c7c48b21d749b5ad5d8a, type: 2}
  - {fileID: 10754, guid: 0000000000000000f000000000000000, type: 0}
  movesCountHolder: {fileID: 8248561003376703419}
  sliderValueHolder: {fileID: 6907748479985647200}
  ErrorMsg: {fileID: 5495875925690038289}
  totalsec: {fileID: 7532452594332738273}
  totalMove: {fileID: 7601230102910487835}
  discSlider: {fileID: 1358789148659606382}
--- !u!1 &7723460317573628305
GameObject:
  m_ObjectHideFlags: 0
  m_CorrespondingSourceObject: {fileID: 0}
  m_PrefabInstance: {fileID: 0}
  m_PrefabAsset: {fileID: 0}
  serializedVersion: 6
  m_Component:
  - component: {fileID: 2136896632064217079}
  - component: {fileID: 5847510050195932436}
  - component: {fileID: 7039658282259275038}
  m_Layer: 0
  m_Name: Fill
  m_TagString: Untagged
  m_Icon: {fileID: 0}
  m_NavMeshLayer: 0
  m_StaticEditorFlags: 0
  m_IsActive: 1
--- !u!224 &2136896632064217079
RectTransform:
  m_ObjectHideFlags: 0
  m_CorrespondingSourceObject: {fileID: 0}
  m_PrefabInstance: {fileID: 0}
  m_PrefabAsset: {fileID: 0}
  m_GameObject: {fileID: 7723460317573628305}
  m_LocalRotation: {x: -0, y: -0, z: -0, w: 1}
  m_LocalPosition: {x: 0, y: 0, z: 0}
  m_LocalScale: {x: 1, y: 1, z: 1}
  m_Children: []
  m_Father: {fileID: 3659958211129812798}
  m_RootOrder: 0
  m_LocalEulerAnglesHint: {x: 0, y: 0, z: 0}
  m_AnchorMin: {x: 0, y: 0}
  m_AnchorMax: {x: 0, y: 0}
  m_AnchoredPosition: {x: 0, y: 0}
  m_SizeDelta: {x: 10, y: 0}
  m_Pivot: {x: 0.5, y: 0.5}
--- !u!222 &5847510050195932436
CanvasRenderer:
  m_ObjectHideFlags: 0
  m_CorrespondingSourceObject: {fileID: 0}
  m_PrefabInstance: {fileID: 0}
  m_PrefabAsset: {fileID: 0}
  m_GameObject: {fileID: 7723460317573628305}
  m_CullTransparentMesh: 0
--- !u!114 &7039658282259275038
MonoBehaviour:
  m_ObjectHideFlags: 0
  m_CorrespondingSourceObject: {fileID: 0}
  m_PrefabInstance: {fileID: 0}
  m_PrefabAsset: {fileID: 0}
  m_GameObject: {fileID: 7723460317573628305}
  m_Enabled: 1
  m_EditorHideFlags: 0
  m_Script: {fileID: 11500000, guid: fe87c0e1cc204ed48ad3b37840f39efc, type: 3}
  m_Name: 
  m_EditorClassIdentifier: 
  m_Material: {fileID: 0}
  m_Color: {r: 1, g: 1, b: 1, a: 1}
  m_RaycastTarget: 1
  m_RaycastPadding: {x: 0, y: 0, z: 0, w: 0}
  m_Maskable: 1
  m_OnCullStateChanged:
    m_PersistentCalls:
      m_Calls: []
  m_Sprite: {fileID: 10905, guid: 0000000000000000f000000000000000, type: 0}
  m_Type: 1
  m_PreserveAspect: 0
  m_FillCenter: 1
  m_FillMethod: 4
  m_FillAmount: 1
  m_FillClockwise: 1
  m_FillOrigin: 0
  m_UseSpriteMesh: 0
  m_PixelsPerUnitMultiplier: 1
--- !u!1001 &1417526005723380348
PrefabInstance:
  m_ObjectHideFlags: 0
  serializedVersion: 2
  m_Modification:
    m_TransformParent: {fileID: 7774960965589224222}
    m_Modifications:
    - target: {fileID: 257893442507001977, guid: d5090293251d1a742ae8a10f201465e4, type: 3}
      propertyPath: m_AnchorMax.y
      value: 0
      objectReference: {fileID: 0}
    - target: {fileID: 708681941575378221, guid: d5090293251d1a742ae8a10f201465e4, type: 3}
      propertyPath: m_OnClick.m_PersistentCalls.m_Calls.Array.size
      value: 1
      objectReference: {fileID: 0}
    - target: {fileID: 708681941575378221, guid: d5090293251d1a742ae8a10f201465e4, type: 3}
      propertyPath: m_OnClick.m_PersistentCalls.m_Calls.Array.data[0].m_Mode
      value: 1
      objectReference: {fileID: 0}
    - target: {fileID: 708681941575378221, guid: d5090293251d1a742ae8a10f201465e4, type: 3}
      propertyPath: m_OnClick.m_PersistentCalls.m_Calls.Array.data[0].m_CallState
      value: 2
      objectReference: {fileID: 0}
    - target: {fileID: 708681941575378221, guid: d5090293251d1a742ae8a10f201465e4, type: 3}
      propertyPath: m_OnClick.m_PersistentCalls.m_Calls.Array.data[0].m_Target
      value: 
      objectReference: {fileID: 2675202353535096865}
    - target: {fileID: 708681941575378221, guid: d5090293251d1a742ae8a10f201465e4, type: 3}
      propertyPath: m_OnClick.m_PersistentCalls.m_Calls.Array.data[0].m_TargetAssemblyTypeName
      value: GameManager, Assembly-CSharp
      objectReference: {fileID: 0}
    - target: {fileID: 708681941575378221, guid: d5090293251d1a742ae8a10f201465e4, type: 3}
      propertyPath: m_OnClick.m_PersistentCalls.m_Calls.Array.data[0].m_MethodName
      value: RestartGame
      objectReference: {fileID: 0}
    - target: {fileID: 708681941575378221, guid: d5090293251d1a742ae8a10f201465e4, type: 3}
      propertyPath: m_OnClick.m_PersistentCalls.m_Calls.Array.data[0].m_Arguments.m_ObjectArgumentAssemblyTypeName
      value: UnityEngine.Object, UnityEngine
      objectReference: {fileID: 0}
    - target: {fileID: 741166757126126799, guid: d5090293251d1a742ae8a10f201465e4, type: 3}
      propertyPath: m_AnchorMax.y
      value: 0
      objectReference: {fileID: 0}
    - target: {fileID: 2384174890076963124, guid: d5090293251d1a742ae8a10f201465e4, type: 3}
      propertyPath: m_OnClick.m_PersistentCalls.m_Calls.Array.size
      value: 1
      objectReference: {fileID: 0}
    - target: {fileID: 2384174890076963124, guid: d5090293251d1a742ae8a10f201465e4, type: 3}
      propertyPath: m_OnClick.m_PersistentCalls.m_Calls.Array.data[0].m_Mode
      value: 1
      objectReference: {fileID: 0}
    - target: {fileID: 2384174890076963124, guid: d5090293251d1a742ae8a10f201465e4, type: 3}
      propertyPath: m_OnClick.m_PersistentCalls.m_Calls.Array.data[0].m_CallState
      value: 2
      objectReference: {fileID: 0}
    - target: {fileID: 2384174890076963124, guid: d5090293251d1a742ae8a10f201465e4, type: 3}
      propertyPath: m_OnClick.m_PersistentCalls.m_Calls.Array.data[0].m_Target
      value: 
      objectReference: {fileID: 2675202353535096865}
    - target: {fileID: 2384174890076963124, guid: d5090293251d1a742ae8a10f201465e4, type: 3}
      propertyPath: m_OnClick.m_PersistentCalls.m_Calls.Array.data[0].m_TargetAssemblyTypeName
      value: GameManager, Assembly-CSharp
      objectReference: {fileID: 0}
    - target: {fileID: 2384174890076963124, guid: d5090293251d1a742ae8a10f201465e4, type: 3}
      propertyPath: m_OnClick.m_PersistentCalls.m_Calls.Array.data[0].m_MethodName
      value: QuitGame
      objectReference: {fileID: 0}
    - target: {fileID: 2384174890076963124, guid: d5090293251d1a742ae8a10f201465e4, type: 3}
      propertyPath: m_OnClick.m_PersistentCalls.m_Calls.Array.data[0].m_Arguments.m_ObjectArgumentAssemblyTypeName
      value: UnityEngine.Object, UnityEngine
      objectReference: {fileID: 0}
    - target: {fileID: 2529250220892647927, guid: d5090293251d1a742ae8a10f201465e4, type: 3}
      propertyPath: m_IsActive
      value: 1
      objectReference: {fileID: 0}
    - target: {fileID: 5109597281110209760, guid: d5090293251d1a742ae8a10f201465e4, type: 3}
      propertyPath: m_LocalPosition.x
      value: 0
      objectReference: {fileID: 0}
    - target: {fileID: 5109597281110209760, guid: d5090293251d1a742ae8a10f201465e4, type: 3}
      propertyPath: m_LocalPosition.y
      value: 1.13
      objectReference: {fileID: 0}
    - target: {fileID: 5109597281110209760, guid: d5090293251d1a742ae8a10f201465e4, type: 3}
      propertyPath: m_LocalPosition.z
      value: -1.13
      objectReference: {fileID: 0}
    - target: {fileID: 5109597281110209760, guid: d5090293251d1a742ae8a10f201465e4, type: 3}
      propertyPath: m_LocalRotation.x
      value: 0
      objectReference: {fileID: 0}
    - target: {fileID: 5109597281110209760, guid: d5090293251d1a742ae8a10f201465e4, type: 3}
      propertyPath: m_LocalRotation.y
      value: 0
      objectReference: {fileID: 0}
    - target: {fileID: 5109597281110209760, guid: d5090293251d1a742ae8a10f201465e4, type: 3}
      propertyPath: m_LocalRotation.z
      value: 0
      objectReference: {fileID: 0}
    - target: {fileID: 5109597281110209760, guid: d5090293251d1a742ae8a10f201465e4, type: 3}
      propertyPath: m_LocalRotation.w
      value: 1
      objectReference: {fileID: 0}
    - target: {fileID: 5109597281110209760, guid: d5090293251d1a742ae8a10f201465e4, type: 3}
      propertyPath: m_RootOrder
      value: 1
      objectReference: {fileID: 0}
    - target: {fileID: 5109597281110209760, guid: d5090293251d1a742ae8a10f201465e4, type: 3}
      propertyPath: m_LocalEulerAnglesHint.x
      value: 0
      objectReference: {fileID: 0}
    - target: {fileID: 5109597281110209760, guid: d5090293251d1a742ae8a10f201465e4, type: 3}
      propertyPath: m_LocalEulerAnglesHint.y
      value: 0
      objectReference: {fileID: 0}
    - target: {fileID: 5109597281110209760, guid: d5090293251d1a742ae8a10f201465e4, type: 3}
      propertyPath: m_LocalEulerAnglesHint.z
      value: 0
      objectReference: {fileID: 0}
    - target: {fileID: 5294741832660625467, guid: d5090293251d1a742ae8a10f201465e4, type: 3}
      propertyPath: m_AnchorMax.y
      value: 0
      objectReference: {fileID: 0}
    - target: {fileID: 5806966185563677019, guid: d5090293251d1a742ae8a10f201465e4, type: 3}
      propertyPath: m_AnchorMax.y
      value: 0
      objectReference: {fileID: 0}
    - target: {fileID: 7446912483942800951, guid: d5090293251d1a742ae8a10f201465e4, type: 3}
      propertyPath: m_OnValueChanged.m_PersistentCalls.m_Calls.Array.size
      value: 1
      objectReference: {fileID: 0}
    - target: {fileID: 7446912483942800951, guid: d5090293251d1a742ae8a10f201465e4, type: 3}
      propertyPath: m_OnValueChanged.m_PersistentCalls.m_Calls.Array.data[0].m_Mode
      value: 1
      objectReference: {fileID: 0}
    - target: {fileID: 7446912483942800951, guid: d5090293251d1a742ae8a10f201465e4, type: 3}
      propertyPath: m_OnValueChanged.m_PersistentCalls.m_Calls.Array.data[0].m_CallState
      value: 2
      objectReference: {fileID: 0}
    - target: {fileID: 7446912483942800951, guid: d5090293251d1a742ae8a10f201465e4, type: 3}
      propertyPath: m_OnValueChanged.m_PersistentCalls.m_Calls.Array.data[0].m_Target
      value: 
      objectReference: {fileID: 2675202353535096865}
    - target: {fileID: 7446912483942800951, guid: d5090293251d1a742ae8a10f201465e4, type: 3}
      propertyPath: m_OnValueChanged.m_PersistentCalls.m_Calls.Array.data[0].m_TargetAssemblyTypeName
      value: GameManager, Assembly-CSharp
      objectReference: {fileID: 0}
    - target: {fileID: 7446912483942800951, guid: d5090293251d1a742ae8a10f201465e4, type: 3}
      propertyPath: m_OnValueChanged.m_PersistentCalls.m_Calls.Array.data[0].m_MethodName
      value: sliderValueUpdate
      objectReference: {fileID: 0}
    - target: {fileID: 7446912483942800951, guid: d5090293251d1a742ae8a10f201465e4, type: 3}
      propertyPath: m_OnValueChanged.m_PersistentCalls.m_Calls.Array.data[0].m_Arguments.m_ObjectArgumentAssemblyTypeName
      value: UnityEngine.Object, UnityEngine
      objectReference: {fileID: 0}
    - target: {fileID: 8017696146294096031, guid: d5090293251d1a742ae8a10f201465e4, type: 3}
      propertyPath: m_OnClick.m_PersistentCalls.m_Calls.Array.size
      value: 1
      objectReference: {fileID: 0}
    - target: {fileID: 8017696146294096031, guid: d5090293251d1a742ae8a10f201465e4, type: 3}
      propertyPath: m_OnClick.m_PersistentCalls.m_Calls.Array.data[0].m_Mode
      value: 1
      objectReference: {fileID: 0}
    - target: {fileID: 8017696146294096031, guid: d5090293251d1a742ae8a10f201465e4, type: 3}
      propertyPath: m_OnClick.m_PersistentCalls.m_Calls.Array.data[0].m_CallState
      value: 2
      objectReference: {fileID: 0}
    - target: {fileID: 8017696146294096031, guid: d5090293251d1a742ae8a10f201465e4, type: 3}
      propertyPath: m_OnClick.m_PersistentCalls.m_Calls.Array.data[0].m_Target
      value: 
      objectReference: {fileID: 2675202353535096865}
    - target: {fileID: 8017696146294096031, guid: d5090293251d1a742ae8a10f201465e4, type: 3}
      propertyPath: m_OnClick.m_PersistentCalls.m_Calls.Array.data[0].m_TargetAssemblyTypeName
      value: GameManager, Assembly-CSharp
      objectReference: {fileID: 0}
    - target: {fileID: 8017696146294096031, guid: d5090293251d1a742ae8a10f201465e4, type: 3}
      propertyPath: m_OnClick.m_PersistentCalls.m_Calls.Array.data[0].m_MethodName
      value: StartGame
      objectReference: {fileID: 0}
    - target: {fileID: 8017696146294096031, guid: d5090293251d1a742ae8a10f201465e4, type: 3}
      propertyPath: m_OnClick.m_PersistentCalls.m_Calls.Array.data[0].m_Arguments.m_ObjectArgumentAssemblyTypeName
      value: UnityEngine.Object, UnityEngine
      objectReference: {fileID: 0}
    - target: {fileID: 8353171286641451011, guid: d5090293251d1a742ae8a10f201465e4, type: 3}
      propertyPath: m_Name
      value: CameraHolder
      objectReference: {fileID: 0}
    m_RemovedComponents: []
  m_SourcePrefab: {fileID: 100100000, guid: d5090293251d1a742ae8a10f201465e4, type: 3}
--- !u!1 &2607212092443398818 stripped
GameObject:
  m_CorrespondingSourceObject: {fileID: 3999968265856362718, guid: d5090293251d1a742ae8a10f201465e4, type: 3}
  m_PrefabInstance: {fileID: 1417526005723380348}
  m_PrefabAsset: {fileID: 0}
--- !u!114 &6907748479985647200 stripped
MonoBehaviour:
  m_CorrespondingSourceObject: {fileID: 5508272607034393628, guid: d5090293251d1a742ae8a10f201465e4, type: 3}
  m_PrefabInstance: {fileID: 1417526005723380348}
  m_PrefabAsset: {fileID: 0}
  m_GameObject: {fileID: 0}
  m_Enabled: 1
  m_EditorHideFlags: 0
  m_Script: {fileID: 11500000, guid: f4688fdb7df04437aeb418b961361dc5, type: 3}
  m_Name: 
  m_EditorClassIdentifier: 
--- !u!1 &4032106854387953236 stripped
GameObject:
  m_CorrespondingSourceObject: {fileID: 2619119944552617000, guid: d5090293251d1a742ae8a10f201465e4, type: 3}
  m_PrefabInstance: {fileID: 1417526005723380348}
  m_PrefabAsset: {fileID: 0}
--- !u!114 &7532452594332738273 stripped
MonoBehaviour:
  m_CorrespondingSourceObject: {fileID: 8873417129230669981, guid: d5090293251d1a742ae8a10f201465e4, type: 3}
  m_PrefabInstance: {fileID: 1417526005723380348}
  m_PrefabAsset: {fileID: 0}
  m_GameObject: {fileID: 0}
  m_Enabled: 1
  m_EditorHideFlags: 0
  m_Script: {fileID: 11500000, guid: f4688fdb7df04437aeb418b961361dc5, type: 3}
  m_Name: 
  m_EditorClassIdentifier: 
--- !u!114 &5495875925690038289 stripped
MonoBehaviour:
  m_CorrespondingSourceObject: {fileID: 6911150131331269229, guid: d5090293251d1a742ae8a10f201465e4, type: 3}
  m_PrefabInstance: {fileID: 1417526005723380348}
  m_PrefabAsset: {fileID: 0}
  m_GameObject: {fileID: 0}
  m_Enabled: 1
  m_EditorHideFlags: 0
  m_Script: {fileID: 11500000, guid: f4688fdb7df04437aeb418b961361dc5, type: 3}
  m_Name: 
  m_EditorClassIdentifier: 
--- !u!1 &7782862832840383060 stripped
GameObject:
  m_CorrespondingSourceObject: {fileID: 9200388836181385256, guid: d5090293251d1a742ae8a10f201465e4, type: 3}
  m_PrefabInstance: {fileID: 1417526005723380348}
  m_PrefabAsset: {fileID: 0}
--- !u!114 &8248561003376703419 stripped
MonoBehaviour:
  m_CorrespondingSourceObject: {fileID: 7049495591170952647, guid: d5090293251d1a742ae8a10f201465e4, type: 3}
  m_PrefabInstance: {fileID: 1417526005723380348}
  m_PrefabAsset: {fileID: 0}
  m_GameObject: {fileID: 0}
  m_Enabled: 1
  m_EditorHideFlags: 0
  m_Script: {fileID: 11500000, guid: f4688fdb7df04437aeb418b961361dc5, type: 3}
  m_Name: 
  m_EditorClassIdentifier: 
--- !u!224 &2920876850580988891 stripped
RectTransform:
  m_CorrespondingSourceObject: {fileID: 4261841628044433831, guid: d5090293251d1a742ae8a10f201465e4, type: 3}
  m_PrefabInstance: {fileID: 1417526005723380348}
  m_PrefabAsset: {fileID: 0}
--- !u!4 &6144317006954172060 stripped
Transform:
  m_CorrespondingSourceObject: {fileID: 5109597281110209760, guid: d5090293251d1a742ae8a10f201465e4, type: 3}
  m_PrefabInstance: {fileID: 1417526005723380348}
  m_PrefabAsset: {fileID: 0}
--- !u!114 &7601230102910487835 stripped
MonoBehaviour:
  m_CorrespondingSourceObject: {fileID: 8849835935718274919, guid: d5090293251d1a742ae8a10f201465e4, type: 3}
  m_PrefabInstance: {fileID: 1417526005723380348}
  m_PrefabAsset: {fileID: 0}
  m_GameObject: {fileID: 0}
  m_Enabled: 1
  m_EditorHideFlags: 0
  m_Script: {fileID: 11500000, guid: f4688fdb7df04437aeb418b961361dc5, type: 3}
  m_Name: 
  m_EditorClassIdentifier: 
--- !u!1001 &3721700687102147254
PrefabInstance:
  m_ObjectHideFlags: 0
  serializedVersion: 2
  m_Modification:
    m_TransformParent: {fileID: 7774960965589224222}
    m_Modifications:
    - target: {fileID: 2003424181590314593, guid: 998a998be8b35a94fa216ca2c4ffb134, type: 3}
      propertyPath: m_LocalPosition.x
      value: 0
      objectReference: {fileID: 0}
    - target: {fileID: 2003424181590314593, guid: 998a998be8b35a94fa216ca2c4ffb134, type: 3}
      propertyPath: m_LocalPosition.y
      value: 0
      objectReference: {fileID: 0}
    - target: {fileID: 2003424181590314593, guid: 998a998be8b35a94fa216ca2c4ffb134, type: 3}
      propertyPath: m_LocalPosition.z
      value: 0
      objectReference: {fileID: 0}
    - target: {fileID: 2003424181590314593, guid: 998a998be8b35a94fa216ca2c4ffb134, type: 3}
      propertyPath: m_LocalRotation.x
      value: -0
      objectReference: {fileID: 0}
    - target: {fileID: 2003424181590314593, guid: 998a998be8b35a94fa216ca2c4ffb134, type: 3}
      propertyPath: m_LocalRotation.y
      value: -0
      objectReference: {fileID: 0}
    - target: {fileID: 2003424181590314593, guid: 998a998be8b35a94fa216ca2c4ffb134, type: 3}
      propertyPath: m_LocalRotation.z
      value: -0
      objectReference: {fileID: 0}
    - target: {fileID: 2003424181590314593, guid: 998a998be8b35a94fa216ca2c4ffb134, type: 3}
      propertyPath: m_LocalRotation.w
      value: 1
      objectReference: {fileID: 0}
    - target: {fileID: 2003424181590314593, guid: 998a998be8b35a94fa216ca2c4ffb134, type: 3}
      propertyPath: m_RootOrder
      value: 0
      objectReference: {fileID: 0}
    - target: {fileID: 2003424181590314593, guid: 998a998be8b35a94fa216ca2c4ffb134, type: 3}
      propertyPath: m_LocalEulerAnglesHint.x
      value: 0
      objectReference: {fileID: 0}
    - target: {fileID: 2003424181590314593, guid: 998a998be8b35a94fa216ca2c4ffb134, type: 3}
      propertyPath: m_LocalEulerAnglesHint.y
      value: 0
      objectReference: {fileID: 0}
    - target: {fileID: 2003424181590314593, guid: 998a998be8b35a94fa216ca2c4ffb134, type: 3}
      propertyPath: m_LocalEulerAnglesHint.z
      value: 0
      objectReference: {fileID: 0}
    - target: {fileID: 4216807687196525202, guid: 998a998be8b35a94fa216ca2c4ffb134, type: 3}
      propertyPath: m_Layer
      value: 9
      objectReference: {fileID: 0}
    - target: {fileID: 4571101708425338928, guid: 998a998be8b35a94fa216ca2c4ffb134, type: 3}
      propertyPath: m_Layer
      value: 9
      objectReference: {fileID: 0}
    - target: {fileID: 7522627991173029091, guid: 998a998be8b35a94fa216ca2c4ffb134, type: 3}
      propertyPath: m_Layer
      value: 9
      objectReference: {fileID: 0}
    - target: {fileID: 8567841946504332612, guid: 998a998be8b35a94fa216ca2c4ffb134, type: 3}
      propertyPath: m_Name
      value: Ground
      objectReference: {fileID: 0}
    m_RemovedComponents: []
  m_SourcePrefab: {fileID: 100100000, guid: 998a998be8b35a94fa216ca2c4ffb134, type: 3}
--- !u!4 &534825415873264602 stripped
Transform:
  m_CorrespondingSourceObject: {fileID: 3803914337705591148, guid: 998a998be8b35a94fa216ca2c4ffb134, type: 3}
  m_PrefabInstance: {fileID: 3721700687102147254}
  m_PrefabAsset: {fileID: 0}
--- !u!4 &8523524831428663772 stripped
Transform:
  m_CorrespondingSourceObject: {fileID: 5039395641202713450, guid: 998a998be8b35a94fa216ca2c4ffb134, type: 3}
  m_PrefabInstance: {fileID: 3721700687102147254}
  m_PrefabAsset: {fileID: 0}
--- !u!1 &658439452601923620 stripped
GameObject:
  m_CorrespondingSourceObject: {fileID: 4216807687196525202, guid: 998a998be8b35a94fa216ca2c4ffb134, type: 3}
  m_PrefabInstance: {fileID: 3721700687102147254}
  m_PrefabAsset: {fileID: 0}
--- !u!4 &6308680977672219034 stripped
Transform:
  m_CorrespondingSourceObject: {fileID: 7217806627412792108, guid: 998a998be8b35a94fa216ca2c4ffb134, type: 3}
  m_PrefabInstance: {fileID: 3721700687102147254}
  m_PrefabAsset: {fileID: 0}
--- !u!1 &6612301590345524821 stripped
GameObject:
  m_CorrespondingSourceObject: {fileID: 7522627991173029091, guid: 998a998be8b35a94fa216ca2c4ffb134, type: 3}
  m_PrefabInstance: {fileID: 3721700687102147254}
  m_PrefabAsset: {fileID: 0}
--- !u!1 &921535632882489990 stripped
GameObject:
  m_CorrespondingSourceObject: {fileID: 4571101708425338928, guid: 998a998be8b35a94fa216ca2c4ffb134, type: 3}
  m_PrefabInstance: {fileID: 3721700687102147254}
  m_PrefabAsset: {fileID: 0}
--- !u!4 &2912620199437055191 stripped
Transform:
  m_CorrespondingSourceObject: {fileID: 2003424181590314593, guid: 998a998be8b35a94fa216ca2c4ffb134, type: 3}
  m_PrefabInstance: {fileID: 3721700687102147254}
  m_PrefabAsset: {fileID: 0}
